@manual{NETCDF-UM,
	title = {The {NetCDF} Users Guide},
	note = {NetCDF Version 3.6.1},
	month = {June},
	year = {2006}
}

