% $Header$
@manual{NETCDF-UM,
	title = {The {NetCDF} Users Guide},
	note = {NetCDF Version 3.6.1},
	month = {June},
	year = {2006}
}

@UNPUBLISHED{INVJOINT,
	author = {Pierangelo Masarati and Marco Morandini},
	title = {Intrinsic Deformable Joints},
	note = {To be published}
}

@UNPUBLISHED{GIMBAL,
	author = {Pierangelo Masarati and Marco Morandini},
	title = {An Ideal Homokinetic Joint Formulation for General-Purpose Multibody Real-Time Simulation},
	note = {To be published}
}

